@online{eversheds,
	author = {Eversheds Sutherland},
	title = {Virtual and augmented reality: what are the legal issues?},
	year = {2017},
	url = {https://www.eversheds-sutherland.com/global/en/what/articles/index.page?ArticleID=en/tmt/Virtual_and_augmented_reality_what_are_the_legal_issues}
}