@online{oxforddict,
	author 	= {Oxford Dictionary Online},
	Title 	= {Augmented Reality},
	year 	= {2018},
	url 	= {https://en.oxforddictionaries.com/definition/augmented_reality},
	urldate	= {2018-11-09}
}