@online{oxforddict,
	Author = {Oxford Dictionary Online},
	Title = {Augmented Reality},
	howpublished = "\url{https://en.oxforddictionaries.com/definition/augmented_reality}"
}

@online{orpheo,
	Author = {Orpheo Group},
	Title = {Mobile Applications},
	howpublished = "\url{https://orpheogroup.com/uk/mobile-applications/}",
	Year = {2018}
}

@article{microsoft,
	Author = {Microsoft},
	Year = {14 July 2017},
	Title = {Path Guide: A New Approach to Indoor Navigation},
	Journal = {Microsoft Research Blog},
	howpublished = "\url{https://www.microsoft.com/en-us/research/blog/path-guide-new-approach-indoor-navigation/}"	
}

@misc{mapspeople,
	howpublished = "\url{http://www.mapspeople.com/}",
	Author = {Mapspeople},
    Year = {2018}
}

@article{engadget,
	Author = {Jon Fingas},
	Year = {11 July 2017},
	Title = {AR navigation app promises better accuracy than GPS alone},
	Journal = {Engadget UK},
	howpublished = "\url{https://www.engadget.com/2017/11/07/blippar-ar-city-navigation-app/?guccounter=1}"
}	

@online{ITProPortal,
	Author = {Kate Brimsted},
	Title = {Virtual and augmented reality: time to update the legal handbook},
	howpublished = "\url{https://www.itproportal.com/features/virtual-and-augmented-reality-time-to-update-the-legal-handbook/}",
	Year = {2016}
}

@online{eversheds,
	Author = {Eversheds Sutherland},
	Title = {Virtual and augmented reality: what are the legal issues?},
	howpublished = "\url{https://www.eversheds-sutherland.com/global/en/what/articles/index.page?ArticleID=en/tmt/Virtual_and_augmented_reality_what_are_the_legal_issues}",
	Year = {2017}
}

@online{InteractionDesign,
	Author = {Interaction Design Foundation},
	Title = {Augmented Reality â€“ The Past, The Present and The Future},
	howpublished = "\url{https://www.interaction-design.org/literature/article/augmented-reality-the-past-the-present-and-the-future}",
	Year = {2018}
}

@online{Unity,
	Author = {Unity Technologies},
	Title = {Unity Products},
	howpublished = "\url{https://unity3d.com/unity}",
	Year = {2018}
}

@article{Snapchat,
	Author = {Amber Jamieson},
	Year = {3 May 2016},
	Title = {Snapchat users paying up to thousands for custom filters to celebrate life events},
	Journal = {The Guardian},
	howpublished = "\url{https://www.theguardian.com/technology/2016/may/03/snapchat-geofilter-custom-filter-prom-wedding}"
}

@online{newgenapps,
	Author = {new gen apps},
	Title = {ARKit vs ARCore - The Key Differences},
	howpublished = "\url{https://www.newgenapps.com/blog/arkit-vs-arcore-the-key-differences}",
	Year = {2017}
}

@online{scrumroles,
	Author = {Samuel Nicholson},
	Title = {Agile Scrum Roles And Responsibilities},
	howpublished = "\url{https://www.knowledgehut.com/blog/agile/agile-scrum-roles-responsibilities}",
	Year = {2017}
}